% Encoding: UTF-8

@Book{Колмогоров1936,
  author    = {А. Н. Колмогоров},
  date      = {1936},
  title     = {Основные понятия теории вероятностей},
  edition   = {2},
  publisher = {Издательство Наука},
  owner     = {dougs},
  timestamp = {2016.03.17},
  year      = {1936, 1974},
  language  = {russian},
  hyphenation= {russian},
}

@Book{DeFinetti2017,
  author    = {Bruno de Finetti},
  title     = {Theory of Probability: A Critical Treatment},
  year      = {2017 (1970, 1975)},
  publisher = {John Wiley and Sons Ltd},
  owner     = {dougs},
  timestamp = {2019.06.04},
  language  = {english},
  hyphenation= {english},
}

@Article{Колмогоров1938,
  author    = {А. Н. Колмогоров},
  date      = {1938},
  title     = {Об Аналитических Методах Теории Вероятностей},
  editor    = {УМН},
  pages     = {5-41},
  volume    = {5},
  journal   = {Mathematische Annalen},
  owner     = {dougs},
  timestamp = {2016.03.19},
  year      = {1938},
  language  = {russian},
  hyphenation= {russian},
}

@Article{Alexander1964,
  Title                    = {Price Movements in Speculative Markets--Trends or Random Walks, Number 2},
  Author                   = {Sidney S. Alexander},
  Journal                  = {Industrial Management Review},
  Year                     = {1964},
  Number                   = {2},
  Pages                    = {25},
  Volume                   = {5},
  language  = {english},
  hyphenation= {english},
  Owner                    = {dougs},
  Timestamp                = {2016.01.26}
}

@Article{Alexander1961,
  Title                    = {Price Movements in Speculative Markets: Trends or Random Walks},
  Author                   = {Sidney S. Alexander},
  Journal                  = {Industrial Management Review},
  Year                     = {1961},

  Month                    = {May},
  Pages                    = {7-26},
  Volume                   = {2},
  language  = {english},
  hyphenation= {english},

  Owner                    = {dougs},
  Timestamp                = {2016.01.26}
}

@Book{Aronson2007,
  Title                    = {Evidence-Based Technical Analy},
  Author                   = {David R. Aronson},
  Publisher                = {John Wiley \& Sons, Inc.},
  Year                     = {2007},
  language  = {english},
  hyphenation= {english},


  Owner                    = {doug},
  Timestamp                = {2016.06.03}
}

@Article{Avellaneda2008,
  Title                    = {High-Frequency Trading in a Limit Order Book},
  Author                   = {Marco Avellaneda and Sasha Stoikov},
  Journal                  = {Quantitative Finance},
  Year                     = {2008},

  Month                    = {April},
  Number                   = {3},
  Pages                    = {217-224},
  Volume                   = {8},
  language  = {english},
  hyphenation= {english},

  Owner                    = {dougs},
  Timestamp                = {2015.07.08}
}

@PhdThesis{Bachelier1900,
  Title                    = {The Theory of Speculation},
  Author                   = {Louis Bachelier},
  School                   = {Academy of Paris},
  Year                     = {1900},
  Note                     = {Translated by D. May from Annales scientifiques de l'Ecole Normale Superieure, Ser.3, 17 (1900), p 21-86},
  language  = {english},
  hyphenation= {english},

  Owner                    = {dougs},
  Timestamp                = {2016.01.29}
}

@Book{Billingsley1995,
  Title                    = {Probability and Measure},
  Author                   = {Patrick Billingsley},
  Editor                   = {3},
  Publisher                = {John Wiley and Sons, Inc.},
  Year                     = {1995},
  language  = {english},
  hyphenation= {english},

  Owner                    = {dougs},
  Timestamp                = {2016.04.19}
}

@Article{Black1973,
  Title                    = {The Pricing of Options and Corporate Liabilities},
  Author                   = {Fischer Black and Myron Scholes},
  Journal                  = {Journal of Political Ecomon},
  Year                     = {1973},
  language  = {english},
  hyphenation= {english},

  Owner                    = {dougs},
  Timestamp                = {2016.02.25}
}

@Article{Bouchard2011,
  Title                    = {Optimal Control of Trading Algorithms: A General Impulse Control Approach},
  Author                   = {Bruno Bouchard and Ngoc Minh Dang and Charles Albert Lehalle},
  Journal                  = {Siam Journal of Financial Mathematics},
  Year                     = {2011},
  Number                   = {1},
  Pages                    = {404-438},
  Volume                   = {2},
  language  = {english},
  hyphenation= {english},

  Owner                    = {dougs},
  Timestamp                = {2015.06.24}
}

@Article{Bouchard2011a,
  Title                    = {Weak Dynamic Programming Principle},
  Author                   = {Bruno Bouchard and Nizar Touzi},
  Journal                  = {SIAM Journal on Control Otimization},
  Year                     = {2011},
  Number                   = {3},
  Pages                    = {948-962},
  Volume                   = {49},
  language  = {english},
  hyphenation= {english},

  Owner                    = {dougs},
  Timestamp                = {2015.06.25}
}

@Article{Bouchaud2002,
  Title                    = {Statistical Properties of Stock Order Books: Empirical Results and Models},
  Author                   = {Jean-Philippe Bouchaud and Marc Mezard and Marc Potters},
  Journal                  = {Quantitative Finance},
  Year                     = {2002},
  Pages                    = {251-256},
  Volume                   = {2},
  language  = {english},
  hyphenation= {english},

  Owner                    = {dougs},
  Timestamp                = {2015.07.08}
}

@Article{Bowsher,
  Title                    = {Modelling Security Market Events in Continous-Time: Intensity Based, Multivariate Point Process Models},
  Author                   = {Clive G. Bowsher},
  Journal                  = {Journal of Econometrics},
  Pages                    = {876-912},
  Volume                   = {141},

  Owner                    = {dougs},
  Timestamp                = {2015.07.08}
}

@Article{Cartea2013,
  Title                    = {Modelling Asset Prices for Algorithmic and High-Frequency Trading},
  Author                   = {Alvaro Cartea and Sebastian Jaimungal},
  Journal                  = {Applied Mathematical Finance},
  Year                     = {2013},
  Number                   = {6},
  Pages                    = {512-547},
  Volume                   = {20},
  language  = {english},
  hyphenation= {english},

  Owner                    = {dougs},
  Timestamp                = {2015.07.08}
}

@Article{Cartea2014,
  Title                    = {Buy Low, Sell High: A High-Frequency Trading Perspective},
  Author                   = {Alvaro Cartea and Sebastian Jaimungal and Jason},
  Journal                  = {SIAM Journal on Financial Mathematics},
  Year                     = {2014},
  Pages                    = {415-444},
  Volume                   = {5},
  language  = {english},
  hyphenation= {english},

  Owner                    = {dougs},
  Timestamp                = {2015.07.08}
}

@Unpublished{Cartea2014a,
  Title                    = {Algorithmic Trading with Learning},
  Author                   = {Alvaro Cartea and Sebastian Jaimungal and Damir Kinzebulatov},
  Note                     = {Available at SSRN: http://ssrn.com/abstract=2373196 or http://dx.doi.org/10.2139/ssrn.2373196},

  Month                    = {February},
  Year                     = {2014},
  language  = {english},
  hyphenation= {english},

  Owner                    = {dougs},
  Timestamp                = {2015.07.08},
  Url                      = {http://ssrn.com/abstract=2373196}
}

@Unpublished{Cebirroglu,
  Title                    = {Optimal Order Exposure and the Market Impact of Limit Orders},
  Author                   = {Gokhan Cebirroglu and Ulrich Horst},
  Note                     = {Available at SSRN: http://ssrn.com/abstract=1997092 or http://dx.doi.org/10.2139/ssrn.1997092},

  Month                    = {July},
  Year                     = {2013},
  language  = {english},
  hyphenation= {english},

  Owner                    = {dougs},
  Timestamp                = {2015.07.08}
}

@Book{Chernick2008,
  Title                    = {Bootstrap Methods: A Guide for Practitioners and Rearchers},
  Author                   = {Michael R. Chernick},
  Publisher                = {Wiley-Interscience},
  Year                     = {2008},
  language  = {english},
  hyphenation= {english},

  Owner                    = {doug},
  Timestamp                = {2016.05.04}
}

@Electronic{CMEHist,
  Author                   = {CME},
  HowPublished             = {Internet},
  Organization             = {CME Group},
  Url                      = {http://www.cmegroup.com/company/history/timeline-of-achievements.html},
  language  = {english},
  hyphenation= {english},

  Owner                    = {dougs},
  Timestamp                = {2016.02.28}
}

@Article{Courtault2000,
  Title                    = {Louis Bachelier on the Centenary of the Theorie de la Speculation},
  Author                   = {Jean-Michel Courtault and Yuri Kabanov and Bernard Bru and Pierre Crepel and Isabelle Lebon and Arnaud Le Marchand},
  Journal                  = {Mathematical Finance},
  Year                     = {2000},

  Month                    = {July},
  Number                   = {3},
  Pages                    = {p 341-353},
  Volume                   = {10},
  language  = {english},
  hyphenation= {english},

  Owner                    = {dougs},
  Timestamp                = {2016.02.25}
}

@Unpublished{Dupire2009,
  Title                    = {Functional Ito Calculus},
  Author                   = {Bruno Dupire},
  Note                     = {Boomberg L.P.},

  Month                    = {July},
  Year                     = {2009},
  language  = {english},
  hyphenation= {english},

  Owner                    = {dougs},
  Timestamp                = {2016.01.21},
  Url                      = {http://ssrn.com/abstract=1435551}
}

@Article{Efron1979,
  Title                    = {Bootstrap Methods: Another Look at the Jackknife},
  Author                   = {B. Efron},
  Journal                  = {The Annals of Statistics},
  Year                     = {1979},

  Month                    = {Jan},
  Number                   = {1},
  Pages                    = {1-26},
  Volume                   = {7},
  language  = {english},
  hyphenation= {english},

  Owner                    = {dougs},
  Timestamp                = {2016.03.29}
}

@Article{Fama1966,
  Title                    = {Filter Rules and Stock-Market Trading},
  Author                   = {Eugene F Fama and Marshall E Blume},
  Journal                  = {The Journal of Business},
  Year                     = {1966},

  Month                    = {Jan},
  Number                   = {1},
  Volume                   = {39},
  language  = {english},
  hyphenation= {english},

  Owner                    = {dougs},
  Timestamp                = {2016.01.26}
}

@Book{Fernholz2002,
  Title                    = {Stochastic Portfolio Theory},
  Author                   = {Robert Fernholz},
  Publisher                = {Springer},
  Year                     = {2002},
  language  = {english},
  hyphenation= {english},

  Owner                    = {dougs},
  Timestamp                = {2016.02.25}
}

@Unpublished{Figueroa-Lopez,
  Title                    = {Jump-Diffusion Models Driven by Levy Processes},
  Author                   = {Jose E. Figueroa-Lopez},
  Note                     = {Perdue University - Department of Statistics},
  language  = {english},
  hyphenation= {english},

  Owner                    = {dougs},
  Timestamp                = {2015.07.08}
}

@Book{Fleming2006,
  Title                    = {Controlled Markov Processes and Viscosity Solutions},
  Author                   = {Wendell H Fleming and H.M. Soner},
  Publisher                = {Springer},
  Year                     = {2006},
  Edition                  = {2nd},
  Series                   = {Stochastic Modeling and Applied Probability},
  language  = {english},
  hyphenation= {english},

  Owner                    = {dougs},
  Timestamp                = {2015.07.08}
}

@Book{Gartley1935,
  Title                    = {Profits in the Stock Market},
  Author                   = {H. M. Gartley},
  Publisher                = {Lambert-Gann Publishing Co, Pomeroy WA},
  Year                     = {1935},
  language  = {english},
  hyphenation= {english},

  Owner                    = {dougs},
  Timestamp                = {2015.12.27}
}

@Book{Glasserman2003,
  Title                    = {Monte Carlo Methods in Financial Engineering},
  Author                   = {Paul Glasserman},
  Publisher                = {Springer Springer + Business Media, Inc.},
  Year                     = {2003},
  language  = {english},
  hyphenation= {english},

  Owner                    = {dougs},
  Timestamp                = {2016.02.23}
}

@Article{Guilbaud2013,
  Title                    = {Optimal High-Frequency Trading with Limit and Market Orders},
  Author                   = {Fabien Guilbaud and Huyen Pham},
  Journal                  = {Quantitative Finance},
  Year                     = {2013},
  Number                   = {1},
  Pages                    = {79-94},
  Volume                   = {13},
  language  = {english},
  hyphenation= {english},

  Owner                    = {dougs},
  Timestamp                = {2015.07.08}
}

@Book{Gulisashvili2012,
  Title                    = {Analytically Tractable Stochastic Stock Price Models},
  Author                   = {Archil Gulisashvili},
  Publisher                = {Springer-Verlag},
  Year                     = {2012},
  language  = {english},
  hyphenation= {english},

  Owner                    = {doug},
  Timestamp                = {2016.05.11}
}

@Article{Heston1993,
  Title                    = {A Closed-Form Solution for Options with Stochastic Volatility with Applications to Bond and Currency Options},
  Author                   = {Steven L. Heston},
  Journal                  = {The Review of Financial Studies},
  Year                     = {1993},
  Number                   = {2},
  Pages                    = {327-343},
  Volume                   = {6},
  language  = {english},
  hyphenation= {english},

  Owner                    = {dougs},
  Timestamp                = {2015.07.06}
}

@Book{Hoel1971,
  Title                    = {Introduction to Probability},
  Author                   = {Paul G Hoel and Sidney C Port and Charles J Stone},
  Publisher                = {Houghton Mifflin Company},
  Year                     = {1971},
  language  = {english},
  hyphenation= {english},

  Owner                    = {dougs},
  Timestamp                = {2016.04.24}
}

@Book{Ito1984,
  Title                    = {Introduction to Probability Theory},
  Author                   = {Kiyosi It\'{o}},
  Publisher                = {Cambridge University Press},
  Year                     = {1984},
  Edition                  = {English},
  Note                     = {Originally published in Japanese 1978},
  language  = {english},
  hyphenation= {english},

  Owner                    = {dougs},
  Timestamp                = {2016.02.21}
}

@Book{Jaekle2009,
  Title                    = {Trading Systems - A New Approach to System Development and Portfolio Optimization},
  Author                   = {Urban Jaekle and Emilio Tomasini},
  Publisher                = {HarrimanHouse Ltd},
  Year                     = {2009},
  language  = {english},
  hyphenation= {english},

  Owner                    = {dougs},
  Timestamp                = {2015.12.27}
}

@Article{Cartea2015,
  Title                    = {Risk Metrics and Fine Tuning of High Frequency Trading Strategies},
  Author                   = {Sebastian Jaimungal and Alvaro Cartea},
  Journal                  = {Mathematical Finance},
  Year                     = {2015},
  language  = {english},
  hyphenation= {english},

  Month                    = {July},
  Number                   = {3},
  Pages                    = {576-611},
  Volume                   = {25},

  Owner                    = {dougs},
  Timestamp                = {2015.07.03}
}

@Article{Kendall1953,
  Title                    = {The Analysis of Economic Time Series Part I: Prices},
  Author                   = {M. G. Kendall and A Bradford Hill},
  Journal                  = {Journal of the Royal Statistical Society},
  Year                     = {1953},
  Number                   = {1},
  Volume                   = {116},
  language  = {english},
  hyphenation= {english},

  Owner                    = {dougs},
  Timestamp                = {2016.01.29}
}

@Book{Khovanskii1991,
  Title                    = {Fewnomials},
  Author                   = {A. G. Khovanskii},
  Publisher                = {American Mathematical Society},
  Year                     = {1991},
  Note                     = {Translated from Russian by Smilka Zdravkovska},
  language  = {english},
  hyphenation= {english},

  Owner                    = {dougs},
  Timestamp                = {2016.01.26}
}

@Book{Lahiri2003,
  Title                    = {Resampling Methods for Dependent Data},
  Author                   = {S.N. Lahiri},
  Publisher                = {Springer Springer + Business Media, Inc.},
  Year                     = {2003},
  language  = {english},
  hyphenation= {english},

  Owner                    = {dougs},
  Timestamp                = {2016.04.18}
}

@Article{Ljung1978,
  Title                    = {On a measure of lack of fit in time series models},
  Author                   = {G. M. Ljung and G. E. P. Box},
  Journal                  = {Biometrika},
  Year                     = {1978},
  Number                   = {2},
  Pages                    = {297-303},
  Volume                   = {65},
  language  = {english},
  hyphenation= {english},

  Owner                    = {doug},
  Timestamp                = {2016.05.03}
}

@Article{Malkiel2003,
  Title                    = {The Efficient Market Hypothesis and Its Critics},
  Author                   = {Burton G. Malkiel},
  Journal                  = {The Journal of Economic Perspectives},
  Year                     = {2003},
  language  = {english},
  hyphenation= {english},

  Month                    = {Winter},
  Number                   = {1},
  Pages                    = {59-82},
  Volume                   = {17},

  Owner                    = {dougs},
  Timestamp                = {2015.10.30}
}

@Book{Malkiel1999,
  Title                    = {A Random Walk Down Wall Street},
  Author                   = {Burton G. Malkiel},
  Publisher                = {W. W. Norton and Company},
  Year                     = {1999},
  language  = {english},
  hyphenation= {english},

  Owner                    = {dougs},
  Timestamp                = {2015.10.30}
}

@Article{Mandelbrot2001,
  Title                    = {Scaling in financial prices: I. Tails and dependence},
  Author                   = {Benoit Mandelbrot},
  Journal                  = {Quant},
  Year                     = {2001},
  Pages                    = {113-123},
  Volume                   = {1},
  language  = {english},
  hyphenation= {english},

  Owner                    = {doug},
  Timestamp                = {2016.05.11}
}

@Article{Mandelbrot1966,
  Title                    = {Forcasts of Future Prices, Unbiased Markets, and "Martingale" Models},
  Author                   = {Benoit Mandelbrot},
  Journal                  = {Journal of Business},
  Year                     = {1966},
  language  = {english},
  hyphenation= {english},

  Owner                    = {dougs},
  Timestamp                = {2016.01.27}
}

@Article{Mandelbrot1963,
  Title                    = {The Variation of Certain Speculative Prices},
  Author                   = {Benoit Mandelbrot},
  Journal                  = {Journal of Business},
  Year                     = {1963},
  language  = {english},
  hyphenation= {english},

  Month                    = {October},
  Number                   = {4},
  Pages                    = {394-419},
  Volume                   = {36},

  Owner                    = {dougs},
  Timestamp                = {2015.07.09}
}

@Book{Marsden2003,
  Title                    = {Vector Calculus},
  Author                   = {Jerrold E. Marsden and Anthony J. Tromba},
  Publisher                = {W. H. Freeman and Company},
  Year                     = {2003},
  language  = {english},
  hyphenation= {english},

  Owner                    = {doug},
  Timestamp                = {2016.09.10}
}

@Article{Maslov2000,
  Title                    = {Simple Model of a Limit Order-Driven Market},
  Author                   = {Sergi Maslov},
  Journal                  = {Physica A},
  Year                     = {2000},
  Pages                    = {571-578},
  Volume                   = {278},
  language  = {english},
  hyphenation= {english},

  Owner                    = {dougs},
  Timestamp                = {2015.07.09}
}

@Article{Merton1994,
  Title                    = {Influence of Mathematical Models in Finance on Practice: Past, Present and Future},
  Author                   = {Robert C. Merton},
  Journal                  = {Philosophical Transactions Of The Royal Society},
  Year                     = {1994},
  language  = {english},
  hyphenation= {english},

  Owner                    = {dougs},
  Timestamp                = {2016.02.25}
}

@Article{Merton1973,
  Title                    = {Theory of Rational Option Pricing},
  Author                   = {Robert C. Merton},
  Journal                  = {The Bell Journal of Economics and Mangement Science},
  Year                     = {1973},
  language  = {english},
  hyphenation= {english},

  Month                    = {Spring},
  Number                   = {1},
  Pages                    = {141-183},
  Volume                   = {4},

  Owner                    = {dougse},
  Timestamp                = {2016.01.29}
}

@Article{Neftei1991,
  Title                    = {NaiveTMarket Rules in Financial Markets and Wiener-Kolmogorov Prediction Theory: A Study of "Technical Analysis"},
  Author                   = {Salih N. Neftei},
  Journal                  = {The Journal of Business},
  Year                     = {1991},
  language  = {english},
  hyphenation= {english},

  Month                    = {October},
  Number                   = {4},
  Pages                    = {549-571},
  Volume                   = {64},

  Owner                    = {dougse},
  Timestamp                = {2016.01.29}
}

@Book{Oksendal2000,
  Title                    = {Stochastic Differential Equations: An Introduction with Applications},
  Author                   = {Bernt Oksendal},
  Publisher                = {Springer-Verlag},
  Year                     = {2000},
  Edition                  = {5th},
  language  = {english},
  hyphenation= {english},

  Owner                    = {dougs},
  Timestamp                = {2016.02.27}
}

@Book{Oksendal2007,
  Title                    = {Applied Stochastic Control of Jump Diffusions},
  Author                   = {Bernt Oksendal and Agnes Sulem},
  Publisher                = {Springer},
  Year                     = {2007},
  Edition                  = {2nd},
  language  = {english},
  hyphenation= {english},

  Owner                    = {dougs},
  Timestamp                = {2015.07.06}
}

@Article{Omega2000,
  Title                    = {Luxor},
  Author                   = {Omega-Research},
  Journal                  = {Strategy Trading and Development},
  Year                     = {2000},
  language  = {english},
  hyphenation= {english},

  Owner                    = {dougs},
  Timestamp                = {2015.12.28}
}

@Article{Osborne1959,
  Title                    = {Brownian Motion in the Stock Market},
  Author                   = {M. F. M. Osborne},
  Journal                  = {Opereations Research},
  Year                     = {1959},
  language  = {english},
  hyphenation= {english},

  Month                    = {Mar-Apr},
  Number                   = {2},
  Pages                    = {145-173},
  Volume                   = {7},

  Owner                    = {dougse},
  Timestamp                = {2016.01.29}
}

@Book{Pardo2008,
  Title                    = {Evaluation and Optimization of Trading Strategies},
  Author                   = {Robert Pardo},
  Publisher                = {John Wiley and Sons},
  Year                     = {2008},
  language  = {english},
  hyphenation= {english},

  Owner                    = {dougs},
  Timestamp                = {2015.12.29}
}

@Unpublished{Peterson2015,
  Title                    = {Research Replication},
  Author                   = {Brian G. Peterson},
  Note                     = {CFRM 561 University of Washington Summer 2015},

  Month                    = {June},
  Year                     = {2015},
  language  = {english},
  hyphenation= {english},

  Owner                    = {dougs},
  Timestamp                = {2015.06.24}
}

@Unpublished{Peterson2015a,
  Title                    = {Developing and Backtesting Systematic Trading Strategies},
  Author                   = {Brian G. Peterson},

  Month                    = {June},
  Year                     = {2015},
  language  = {english},
  hyphenation= {english},

  Owner                    = {dougs},
  Timestamp                = {2015.12.28},
  Url                      = {https://r-forge.r-project.org/scm/viewvc.php/*checkout*/pkg/quantstrat/sandbox/backtest_musings/strat_dev_process.pdf?root=blotter}
}

@Book{Pham2009,
  Title                    = {Continous-time Stochastic Control and Optimization with Financial Applications},
  Author                   = {Hueyn Pham},
  Publisher                = {Springer},
  Year                     = {2009},
  language  = {english},
  hyphenation= {english},

  Owner                    = {dougs},
  Timestamp                = {2015.06.28}
}

@Article{Pintoux2010,
  Title                    = {A Direct Solution to the Fokker-Planck Equation for Exponential Brownian Functionals},
  Author                   = {Caroline Pintoux and Nicolas Privault},
  Journal                  = {Analysis and Applications},
  Year                     = {2010},
  Number                   = {3},
  Pages                    = {287-304},
  Volume                   = {8},
  language  = {english},
  hyphenation= {english},

  Owner                    = {dougs},
  Timestamp                = {2016.01.21}
}

@Book{Popper2005,
  Title                    = {The Logic of Scientific Discovery},
  Author                   = {Karl Popper},
  Publisher                = {Taylor and Francis Group (Routledge Classics)},
  Year                     = {2005},
  language  = {english},
  hyphenation= {english},

  Owner                    = {dougs},
  Timestamp                = {2015.08.13}
}

@Book{Protter2005,
  Title                    = {Stochastic Integration and Differential Equations},
  Author                   = {Philip E. Protter},
  Publisher                = {Springer-Verlag},
  Year                     = {2005},
  language  = {english},
  hyphenation= {english},

  Owner                    = {doug},
  Timestamp                = {2016.11.07}
}

@PhdThesis{Ricci2014,
  Title                    = {Applied Stochastic Control in High Frequency and Algorithmic Trading},
  Author                   = {Jason Ricci},
  School                   = {University of Toronto - Department of Statistical Sciences},
  Year                     = {2014},
  language  = {english},
  hyphenation= {english},

  Owner                    = {dougs},
  Timestamp                = {2015.07.01}
}

@Book{Ruppert2011,
  Title                    = {Statistics and Data Analysis for Financial Engineering},
  Author                   = {David Ruppert},
  Publisher                = {Springer Springer + Business Media, Inc.},
  Year                     = {2011},
  language  = {english},
  hyphenation= {english},

  Owner                    = {dougs},
  Timestamp                = {2016.04.18}
}

@Article{Samuelson1973,
  Title                    = {Mathematics of Speculative Price},
  Author                   = {Paul A Samuelson},
  Journal                  = {SIAM Review},
  Year                     = {1973},
  Number                   = {1},
  language  = {english},
  hyphenation= {english},

  Owner                    = {dougs},
  Timestamp                = {2016.02.25}
}

@Unpublished{Service2016,
  Title                    = {Quantitative Analysis of Moving Average Indicators in Automated Trading Systems},
  Author                   = {Doug Service},
  Year                     = {2016},
  language  = {english},
  hyphenation= {english},

  Owner                    = {doug},
  Timestamp                = {2016.07.10}
}

@Book{Shao1995,
  Title                    = {The Jackknife and Bootstrap},
  Author                   = {Jun Shao and Donsheng Tu},
  Publisher                = {Springer Springer + Business Media, Inc.},
  Year                     = {1995},
  language  = {english},
  hyphenation= {english},

  Owner                    = {dougs},
  Timestamp                = {2016.04.18}
}

@Book{Shreve2004,
  Title                    = {Stochastic Calculus for Finance: Continous-Time Models},
  Author                   = {Steven E. Shreve},
  Publisher                = {Springer},
  Year                     = {2004},
  Series                   = {Springer Finance Textbook},
  Volume                   = {II},
  language  = {english},
  hyphenation= {english},

  Owner                    = {dougs},
  Timestamp                = {2015.07.07}
}

@Book{Swokowski1983,
  Title                    = {Calculus with Analytic Geometry},
  Author                   = {Earl W. Swokowski},
  Publisher                = {Prindle, Weber, and Schmidt},
  Year                     = {1983},
  Edition                  = {Alternate},

  language  = {english},
  hyphenation= {english},
  Owner                    = {dougs},
  Timestamp                = {2016.01.25}
}

@Unpublished{Toke,
  Title                    = {Market Making in an Order Book Model and its Impact on the Spread},
  Author                   = {Ioane Muni Toke},
  Note                     = {arXiv:1003.3796 [q-fin.TR]},

  Month                    = {June},
  Year                     = {2010},
  language  = {english},
  hyphenation= {english},

  Owner                    = {dougs},
  Timestamp                = {2015.07.08}
}

@Book{Voit2005,
  Title                    = {The Statistical Mechanics of Financial Markets},
  Author                   = {Johannes Voit},
  Publisher                = {Springer},
  Year                     = {2005},
  Edition                  = {3rd},
  language  = {english},
  hyphenation= {english},

  Owner                    = {dougs},
  Timestamp                = {2015.07.07}
}

@Article{Brock1992,
  Title                    = {Simple Technical Trading Rules and the Stochastic Properties of Stock Returns},
  Author                   = {William Brock, Josef Lakonishok, Blake LeBaron},
  Journal                  = {The Journal of Finance},
  Year                     = {1992},

  Month                    = {Dec},
  Number                   = {5},
  Pages                    = {1731-1764},
  Volume                   = {47},
  language  = {english},
  hyphenation= {english},

  Keywords                 = {technical analysis},
  Owner                    = {dougs},
  Timestamp                = {2015.08.27}
}

@Book{Cootner1964,
  Title                    = {The Random Character of Stock Market Prices},
  Editor                   = {Paul H. Cootner},
  Publisher                = {The M.I.T. Press},
  Year                     = {1964},
  language  = {english},
  hyphenation= {english},

  Owner                    = {dougs},
  Timestamp                = {2016.02.25}
}

@Book{Lektarnekov2009,
  author    = {Л. М. Лихтарников, Т. Г. Сукачева},
  title     = {Математическая логика},
  year      = {2009},
  subtitle  = {крус лекций / задачник-практикум и решения},
  publisher = {Лань},
  isbn      = {978-5-8114-0082-9},
  pages     = {288},
  language  = {english},
  hyphenation= {english},
}

@Book{ArosevaEtal1987,
  author    = {Т. Е. Аросева, Л. Г. Рогова, Н. Ф. Сафьянова},
  title     = {Научный стиль речи: технический профиль},
  year      = {1987},
  publisher = {Издательство "<Русский язык">},
  pages     = {220},
  language  = {english},
  hyphenation= {english},
}

@Book{Glazunova2004,
  author    = {О. И. Глазунова},
  title     = {Русский язык для математиков},
  year      = {2004},
  publisher = {Издательство Московского центра непрерывного математического образования - МЦНМО},
  pages     = {360},
  language  = {english},
  hyphenation= {english},
}

@Book{КолДраг2006,
  author    = {А. Н. Колмогоров and А. Г. Драгалин},
  title     = {Математическая логика},
  isbn      = {5-848-00520-5},
  pages     = {238},
  publisher = {КомКнига},
  series    = {Классический университетский учебник, Московский государственный университет},
  year      = {2006},
  language  = {russian},
  hyphenation= {russian},
}

@Electronic{WikipediaRussian2019,
  author = {Многочисленные статьи из Википедии},
  title  = {Википедия - свободная энциклопедия},
  year   = {2019},
  url    = {https://ru.wikipedia.org/},
  language  = {russian},
  hyphenation= {russian},
}

@Book{Kolmogorov1933,
  author    = {A. N. Kolmogorov},
  date      = {1933},
  title     = {Grundbegriffe der Wahrscheinlichkeitsrechnung},
  note      = {Translated to Russian in~\cite{Kolmogorov1936} and English in~\cite{Kolmogorgov1956}},
  publisher = {Verlag Von Julikus Springer},
  language  = {german},
  hyphenation= {german},
}

@Article{Kolmogorov1931,
  author       = {A. N. Kolmogorov},
  date         = {1931},
  journaltitle = {Mathematische Annalen},
  title        = {Uber die analytisehen Methoden in der Wahrseheinliehkeitsreehnung},
  note         = {Translated to Russian in~\cite{Kolmogorov1938}},
  pages        = {415-458},
  volume       = {104},
  language  = {german},
  hyphenation= {german},
}

@Article{Shafer2006,
  author       = {Glenn Shafer and Bladimir Vovk},
  date         = {2006},
  journaltitle = {Statistical Science},
  title        = {The Sources of Kolmogorov's Grundbegriffe},
  number       = {1},
  pages        = {70-98},
  volume       = {21},
  language  = {english},
  hyphenation= {english},
}

@Book{Kolmogorgov1956,
  author     = {A. N. Kolmogorgov},
  date       = {1956},
  title      = {Theory of Probability},
  note       = {Originally published in German in~\cite{Kolmogorov1933}},
  publisher  = {Chelsea Publishing Copmpany},
  translator = {Nathan Morrision},
  language  = {english},
  hyphenation= {english},
}

@WWW{Shiryaev2011,
  author = {A. N. Shiryaev},
  date   = {2011},
  title  = {Kolmogorov-Chapman equation},
  url    = {https://encyclopediaofmath.org/wiki/Kolmogorov-Chapman_equation},
  language  = {english},
  hyphenation= {english},
}

@Article{Ito1944,
  author       = {K. It\^{o}},
  date         = {1944},
  journaltitle = {Proceedings of the Japan Academy},
  title        = {Stochastic Integral},
  number       = {8},
  pages        = {519-524},
  url          = {https://projecteuclid.org/euclid.pja/1195572786},
  volume       = {20},
  language  = {english},
  hyphenation= {english},
}

@Book{Dacorogna2001,
  author = {Michel M. Dacorogna and Ramazan Gen\c{c}ay and Ulrich M\"{u}ller and Richard B. Olsen},
  date   = {2001},
  title  = {An Introduction to High-Frequency Finance},
  language  = {english},
  hyphenation= {english},
}

@Article{Zumbach2001,
  author       = {Gilles Zumbach and Ulrich M\"{u}ller},
  date         = {2001},
  journaltitle = {International Journal of Theoretical and Applied Finance},
  title        = {Operators on Inhomogeneous Time Series},
  language  = {english},
  hyphenation= {english},
}

@WWW{NASDAQ2020,
  author = {NASDAQ},
  date   = {2020},
  title  = {NASDAQ},
  url    = {https://en.wikipedia.org/wiki/NASDAQ},
  language  = {english},
  hyphenation= {english},
}

@Article{Lorig2019,
  author       = {Matthew Lorig and Zhou Zhou and Bin Zou},
  date         = {2019},
  journaltitle = {Applied Mathematical Finance},
  title        = {A Mathematical Analysis of Technical Analysis},
  language  = {english},
  hyphenation= {english},
}

@Article{Grebenkov2013,
  author       = {Denis S. Grebenkov and Jeremy Serror},
  date         = {2013},
  journaltitle = {Physica A},
  title        = {Following a trend with an exponential moving average:Analytical results for a Gaussian model},
  language  = {english},
  hyphenation= {english},
}

@WWW{FMLabs2020,
  date         = {2020},
  title        = {Indicator Reference: Exponential Moving Average},
  url          = {https://www.fmlabs.com/reference/default.htm?url=ExpMA.htm},
  organization = {FM Labs},
  language  = {english},
  hyphenation= {english},
}

@Article{Baeuerle2004,
  author       = {Nicole B\"{a}uerle and Ulrich Rieder},
  date         = {2004},
  journaltitle = {IEEE Transactions on Automatic Control},
  title        = {Portfolio Optimization With Markov-Modulated Stock Prices and Interest Rates},
  number       = {3},
  volume       = {49},
  language  = {english},
  hyphenation= {english},
}

@Comment{jabref-meta: databaseType:biblatex;}
